<?xml version="1.0" encoding="UTF-8"?><collection xmlns="http://www.loc.gov/MARC21/slim"><record><leader>00470nam--2200181-i-4500</leader><controlfield tag="001">000004892</controlfield><controlfield tag="002">20161230</controlfield><controlfield tag="005">20161230201026</controlfield><controlfield tag="008">060222s1000------------r-----000-0-rus-d</controlfield><datafield ind1=" " ind2=" " tag="040"><subfield code="a">IFIN-HH</subfield></datafield><datafield ind1=" " ind2=" " tag="041"><subfield code="a">rus</subfield></datafield><datafield ind1=" " ind2=" " tag="080"><subfield code="a">53(09):539.12</subfield></datafield><datafield ind1="1" ind2=" " tag="100"><subfield code="a">Vialitev, A.N</subfield></datafield><datafield ind1="1" ind2="0" tag="245"><subfield code="a">Otkritie elementarnih ceastits</subfield><subfield code="b">Elektron beta. fotoni gamma</subfield><subfield code="c">A.n. vialitev</subfield></datafield><datafield ind1=" " ind2=" " tag="260"><subfield code="a">Moskva</subfield><subfield code="b">Nauka</subfield><subfield code="c">1981</subfield></datafield><datafield ind1=" " ind2=" " tag="300"><subfield code="a">236P</subfield></datafield><datafield ind1=" " ind2=" " tag="852"><subfield code="a">49571</subfield><subfield code="c">537.533</subfield></datafield><datafield ind1=" " ind2=" " tag="CAT"><subfield code="a">Sys</subfield><subfield code="c">20110830</subfield><subfield code="h">131018</subfield></datafield></record></collection>